\\#  new entries are added
at the end of the file.
\#  own papers at top
\# auctex: bibtex-reformat
\# C-c C-q (= bibtex-fill-entry). 

@string{ACMTCL          ={ACM Trans. Comput. Log.}}
@string{ActaInf         ={Acta Informatica}}
@string{Alg		={Algorithmica}}
@string{AI		={Artificial Intelligence}}
@string{AIComm		={AI Communications}}
@string{AMAI		={Ann. Math. Artif. Intell.}}
@string{AMS		={American Mathematical Society}}
@string{AMM             ={Amer. Math. Monthly}}
@string{APAL		={Annals of Pure and Applied Logic}}
@string{AML             ={Archive for Mathematical Logic}}
@string{AAJC            ={Australas. J. Combin.}}
@string{BEATCS          ={Bulletin of the European Association for Theoretical
                          Computer Science}}
@string{BSL		={Bull. of Symbolic Logic}}
@string{CanJM		={Canadian J. Math.}}
@string{ComACM          ={Communications of the ACM}}
@string{Comb            ={Combinatorica}}
@string{CommMUC         ={Comment. Math. Univ. Carolinae}}
@string{ComCom		={Computational Complexity}}
@string{ComInt          ={Comput. Intelligence}},
@string{CongrNumer      ={Congr. Numer.}}
@string{Cons            ={Constraints}}
@string{DKE             ={Data Knowl. Eng.}}
@string{DAM		={Discr. Appl. Math.}}
@string{DAM-ta		={To appear in \emph{Discr. Appl. Math.}}}
@string{DAM-st		={Submitted to  \emph{Discr. Appl. Math.}}}
@string{DM		={Discrete  Math.}}
@string{DMGT            ={Discuss. Math. Graph Theory}}
@string{DukeMJ          ={Duke Math. J.}}
@string{DO              ={Discrete Optim.}}
@string{ECCC		={\emph{Electronic Colloquium on Computational 
                          Complexity} (ECCC)}}
@string{EJC            ={European J. Combin.}}
@string{ENDM            ={Electronic Notes in Discrete Mathematics}}
@string{FInf		={Fund. Inform.}}
@string{FMat		={Fund. Math.}}
@string{GC		={Graphs and Combinatorics}}
@string{IEEESE		={IEEE Transactions on Software Engineering}}
@string{IEEECAD		={IEEE Transactions on Computer Aided Design}}
@string{IC		={Information and Control}}
@string{InfComp		={Information and Computation}}
@string{InfSci		={Information Sciences}}
@string{IJCM            ={International Journal of Computer Mathematics}}
@string{IJFCS           ={Internat. J. Found. Comput. Sci.}}
@string{IPL		={Information Processing Letters}}
@string{JAIR		={J. Artif. Intell. Res.}}
@string{JAlg		={J. Algorithms}}
@string{JAR		={Journal of Automated Reasoning}}
@string{JACM		={J. of the ACM}}
@string{JCMCC		={J. Combin. Math. Combin. Comput.}}
@string{JCombT          ={J. Combin. Theory}}
@string{JCombTB         ={J. Combin. Theory Ser. B}}
@string{JCombTA         ={J. Combin. Theory Ser. A}}
@string{JCO             ={J. Comb. Optim.}}}
@string{CPC             ={Combin. Probab. Comput.}}
@string{JComput         ={J. Comput.}}
@string{JDA             ={J. Discrete Algorithms}}
@string{JCSS            ={J. of Computer and System Sciences}}
@string{JGT             ={J. Graph Theory}}
@string{JGAA            ={J. Graph Algorithms Appl.}}
@string{JLMS            ={J. London Math. Soc.}}
@string{JLP             ={J. Logic Programming}}
@string{JLC             ={J. Logic Comput.}}
@string{JSAT            ={J on Satisfiability, Boolean Modeling and 
                          Computation}}
@string{JMLR            = {J. Mach. Learn. Res.}}
@string{JSL             ={J. Symbolic Logic}}
@string{JSC             ={J. Symbolic Comput.}}
@string{LMCS		={Logical Methods in Computer Science}}
@string{LNCS		={Lecture Notes in Computer Science}}
@string{LNAI		={Lecture Notes in Artificial Intelligence}}
@string{MFSlovensk      ={Mat.-Fyz. \v Casopis. Slovensk. Akad. Vied}}
@string{ML              ={Machine Learning}}
@string{MST             ={Math. Systems Theory}}
@string{MLQ             ={Mathematical Logic Quarterly}},
@string{NDJFL           ={Notre Dame J. Formal Logic}}
@string{NJC             ={Nordic J. Comput.}}
@string{NAMS            ={Notices Amer. Math. Soc.}}
@string{OR              ={Operations Research}}
@string{ORL             ={Oper. Res. Lett.}}
@string{SiamJC		={SIAM J. Comput.}}
@string{SiamJDM		={SIAM J. Discrete Math.}}
@string{SiamJADM        ={SIAM J. Algebraic Discrete Methods}}
@string{SiamJAM         ={SIAM J. Appl. Math.}}
@string{SigactNews	={SIGACT News}}
@string{TALG    	={ACM Transactions on Algorithms}}
@string{TCS		={Theoretical Computer Science}}
@string{TC              ={Theory of Computing}}
@string{TCJ             ={The Computer Journal}}
@string{TCSys		={Theory Comput. Syst.}}
@string{TPLP    	={Theory Pract. Log. Program.}}
@string{ZMLGM           ={Z. Math. Logik Grundlagen Math.}},



@string{AIP      	={The AAAI Press}}
@string{AcademicPress	={Academic Press}}
@string{ACM             ={Assoc. Comput. Mach., New York}}
@string{AW              ={Addison-Wesley}}
@string{CamUP		={Cambridge University Press, Cambridge}}
@string{MC              ={Morgan Kaufmann}}
@string{IEEE		={IEEE Computer Soc.}}
@string{ScienceInChinaA ={Science in China Ser. A}}
@string{SIAM            ={Society for Industrial and
                          Applied Mathematics (SIAM)}} 


@string{Springer	={Springer Verlag}}
@string{OUP             ={Oxford University Press}}
@string{Elsevier	={Elsevier Science Publishers, North-Holland}}
@string{NorthHolland	={North-Holland Publishing Co.}}
@string{Kluwer          ={Kluwer Academic Publishers, Dortrecht}}
@string{Freeman         ={W. H. Freeman and Company, New York}}
@string{Wiley           ={John Wiley \& Sons}}
@string{LZI            ={Leibniz-Zentrum fuer Informatik}}
@string{LIPIcs         ={LIPIcs}}



@article{Ladner89,
  author    = {Richard E. Ladner},
  title     = {Polynomial Space Counting Problems},
  journal   = {{SIAM} J. Comput.},
  volume    = {18},
  number    = {6},
  pages     = {1087--1097},
  year      = {1989}
}
